@project{project1,
    title = {My awesome project},
    author = {{University of MyCity}},
    year = {2010},
    note = {This project addresses some awesome and extremely relevant topics. IP: \textit{John Doe}. Budget: $1$\$}
}
